2150 3425
57 48 159 102 Pavent
172 40 261 120 lingua
275 40 350 113 adiit,
368 39 456 101 oblita
465 38 605 101 nostorum
618 43 763 115 maiorum,

57 121 127 195 Quoe
139 138 205 201 puto
218 117 348 180 dedidicit
365 118 416 197 jam
432 122 507 200 loqui
518 120 598 188 „bona
611 121 697 179 verba
710 141 717 175 ε

55 203 127 282 Qe
140 197 230 270 vestis,
249 219 308 279 que
320 198 438 256 sumitur
446 198 512 258 mihi
524 197 606 259 semel
617 216 681 258 toto
693 219 777 271 anno,
854 213 858 222 ·

57 282 128 340 Alba
138 276 257 346 discolor
265 281 330 336 meis
340 273 399 334 fatis
410 276 535 338 sumatur.

56 360 122 434 Que
135 356 228 420 viridis
240 375 285 415 ara
297 354 346 415 fiet
360 355 493 418 viridisde
504 358 644 436 gramineo
657 357 762 437 cespite,
816 422 819 426 ,

56 443 93 496 Et
103 454 169 494 nera
179 456 281 496 corona
290 438 364 494 velet
378 435 483 516 tepidos
493 433 582 508 focos,

56 517 127 574 Puer
140 514 174 573 da
185 515 263 573 thura
276 514 339 590 mihi
358 513 479 573 facientia
488 517 600 595 pingues
611 512 739 586 flammae,
763 579 772 592 ι
806 535 808 537 ·

56 599 122 675 Qte
131 612 233 652 merum
245 594 318 685 quod
327 593 412 651 fusum
426 594 455 651 in
467 595 513 673 pio
523 590 697 674 igne'stridat.

57 672 168 752 Optime
181 675 291 749 natalis,
309 672 430 752 quamvis
443 673 563 731 absumus
576 674 679 753 procul,
689 689 758 754 opto

57 751 158 812 Venias
173 750 225 824 huc
239 752 377 821 candidus,
389 770 441 831 que
451 750 575 811 dilitmilis
585 770 657 811 meo.

57 833 94 890 Et
104 830 127 889 'st
143 830 284 891 miserabile
298 833 394 889 vulnus
405 832 484 908 quod¹
494 831 607 891 instabat
620 829 745 892 dominae.

53 911 98 968 eit
111 908 246 992 perfunde
260 909 322 986 meis
334 905 409 965 malis
419 914 448 965 t'n
457 929 542 967 omne
552 927 668 989 tempus,

21 993 28 1002 '
55 992 121 1070 Qe
135 989 208 1048 navis
220 1009 273 1069 que
281 986 318 1046 est
329 1003 414 1064 nuper
422 988 555 1066 plusquam
566 987 679 1067 quaffata
691 985 769 1068 'gravi

56 1068 190 1138 Procede,
211 1083 253 1127 eat
265 1082 410 1146 pestutum
424 1083 509 1137 mate,
528 1067 601 1145 quod
613 1066 740 1147 ¹superest,

55 1143 106 1204 Illa
120 1147 220 1204 ituatur
234 1145 329 1215 domo,
353 1162 408 1225 que
416 1142 462 1205 suti
475 1143 552 1217 nati,
570 1165 624 1226 que
639 1144 735 1227 patrii.
770 1175 772 1180 v

56 1223 95 1282 Sit
108 1221 168 1283 satis
182 1223 236 1283 haec
249 1222 298 1282 effe
308 1242 351 1281 ete
369 1242 396 1284 ta
406 1223 472 1280 mihi
485 1225 544 1295 nni,
576 1227 579 1232 ’

55 1306 92 1360 Et
105 1321 237 1382 quatenus
261 1324 319 1362 non
330 1243 368 1362 eii
377 1301 440 1361 felix
450 1302 475 1359 in
489 1322 553 1362 caro
563 1300 689 1384 conjuge.

2 1383 4 1386 ’
54 1383 160 1441 Caetera
173 1402 229 1463 pars
245 1384 307 1441 vitae
319 1400 396 1441 vacet
410 1380 474 1440 tristi
487 1381 567 1440 nube.

54 1459 139 1519 Vivet
152 1482 202 1540 que
215 1480 285 1520 amet
298 1462 397 1532 virum,
419 1458 668 1538 absens‚‚quoniam
684 1456 719 1518 fic
740 1453 862 1535 cogitur,

54 1536 118 1611 Que
131 1542 266 1599 consumat
279 1539 339 1598 suos
352 1559 447 1611 annos,
466 1538 606 1598 diuturna:

53 1623 91 1677 Et
104 1617 245 1695 adjicerem
265 1617 380 1696 nostros,
395 1619 441 1678 sed
456 1620 540 1677 timeo
552 1636 586 1675 ne
593 1616 717 1698 contagia
813 1667 817 1680 „

53 1699 111 1756 Mei
123 1698 170 1758 fati
180 1715 349 1775 corrumpant
362 1698 437 1790 quod
447 1694 499 1786 ipsa
512 1696 578 1777 egit.

53 1777 100 1835 Nil
114 1795 218 1836 certum
226 1776 261 1836 eu
275 1776 396 1837 homiui:
418 1796 477 1857 quis
489 1791 598 1855 putaret
611 1775 682 1855 polle
694 1771 766 1850 fie'ri,

52 1852 96 1915 Ut
109 1876 163 1935 ego
171 1859 280 1914 facerem
289 1854 343 1914 haec
356 1859 427 1916 satra
436 1855 463 1913 in
476 1855 569 1913 mediis
578 1857 681 1915 Getis?

52 1934 144 2013 Aspice
154 1952 185 1992 ut
195 1930 300 1993 tumens
312 1939 372 1993 aura
395 1932 465 1992 ferat
478 1932 566 1992 fumos
579 1950 690 1994 coortos
774 1962 778 1969 ’

51 2017 75 2069 E
89 2011 178 2084 thure,
195 2014 224 2070 in
238 2014 317 2071 Italas
325 2031 424 2092 partes,
443 2013 470 2069 &
483 2012 578 2070 dextra
589 2013 657 2073 loca.

51 2091 141 2170 Igitur
150 2089 239 2157 sensus
253 2090 318 2148 inest
329 2091 443 2162 nebulis,
463 2110 526 2170 quas
542 2091 608 2169 ignis
621 2097 725 2174 exiget:

52 2174 157 2228 Caetera
168 2182 241 2250 paeue
254 2167 363 2249 fugiunt
373 2190 460 2230 meum
472 2167 620 2229 confilium.

51 2252 122 2311 Cum
137 2268 279 2308 commune
294 2253 392 2308 lacrum
409 2247 455 2307 fiat
471 2252 520 2314 ara
534 2248 658 2320 confilio,

51 2327 199 2400 Fratribus,
217 2328 264 2408 qui
279 2324 378 2406 periere
390 2326 495 2386 alterni
510 2331 601 2399 manu,

49 2409 109 2488 Ipsa
123 2427 179 2468 atra
194 2406 285 2465 favilla
298 2406 394 2465 discors
410 2405 457 2463 fibi
466 2424 594 2484 tanquam

48 2488 198 2558 Mandetur
212 2485 246 2544 ab
260 2484 313 2543 iliis
326 2486 454 2544 scinditur
465 2486 493 2543 in
508 2485 573 2543 duas
583 2500 679 2565 partes.

47 2568 162 2625 Memini
174 2566 309 2644 quondam
323 2564 451 2643 loquebar
473 2565 524 2622 hoc
539 2585 597 2622 non
610 2563 679 2643 polle
688 2558 758 2634 fieri,

48 2653 85 2703 Et
97 2644 238 2704 Battiades
249 2660 306 2702 erat
320 2640 398 2702 falsius
411 2650 455 2700 ine
467 2642 566 2722 judice,
682 2650 684 2655 '

38 2724 129 2786 ‚Nunc
141 2722 223 2782 eredo
235 2722 338 2792 omnia,
352 2743 416 2780 cum
429 2741 459 2780 tu
473 2741 558 2803 vapor
571 2740 629 2778 non
643 2718 734 2778 stultus

49 2801 165 2859 Dederis
177 2816 252 2878 terga
264 2801 297 2857 ab
313 2804 396 2860 Art‘io
408 2821 461 2878 que
474 2800 547 2879 petas
563 2799 729 2859 Ausoniam*
915 2816 958 2873 40

48 2884 123 2957 Ergo
135 2878 189 2936 inec
202 2880 238 2937 est
248 2879 308 2936 lux:
330 2877 488 2957 quaefinon
501 2896 564 2936 orta
574 2877 680 2944 tulleta
713 2904 735 2928 w
856 2882 860 2893 '
884 2880 893 2945 ',
926 2894 953 2951 J*

48 2957 134 3013 Nulla
147 2952 207 3012 festa
220 2957 336 3023 videnda
346 2955 396 3021 fuit
409 2957 472 3015 nun
484 2957 590 3016 misero.
762 2974 767 2981 ’
829 2960 833 2971 ’
886 2946 927 3027 ’μ’

49 3035 113 3091 Huc
127 3032 210 3092 edidit
221 3054 310 3113 coquos
320 3054 406 3096 mores
419 3037 470 3094 illis
480 3035 620 3107 heroibus,
906 3046 912 3061 ·

46 3113 138 3197 Quis
151 3128 209 3172 erat
226 3116 338 3185 Eetion,
353 3134 406 3196 que
413 3114 512 3175 ,Icarius
520 3132 605 3199 pater.

2 3266 61 3380 k
