2150 3425
30 24 89 79 Cur
101 42 145 83 tua
156 28 239 107 pietas
260 32 376 105 cessavit,
398 36 570 98 scribentibus
584 40 645 110 illis,

30 101 100 158 Cum
110 107 204 183 quibus
215 112 323 190 exiguus
336 117 394 171 usus
404 133 461 172 erat
473 117 554 175 nobis
566 115 576 172 ἓ

30 177 213 272 Cur.quntier
233 188 295 247 durn
315 192 412 273 dempsr
424 194 529 253 vincula
543 193 621 257 alicui
641 195 750 270 rhartoe,

29 258 138 346 Speravi
156 265 230 321 illem
242 266 341 329 hebere
354 289 428 329 tuum
443 292 544 331 nomen
561 276 575 330 ἒ

30 338 76 394 Dn
90 334 196 434 sapiant,
216 362 247 401 ut
260 345 369 422 epistola·
378 348 509 430 litscripta
522 351 585 431 saepe
598 351 644 409 tud

31 418 154 476 Dextra!
172 420 216 477 sed
229 426 300 482 nulla
313 428 399 484 redita
409 428 471 486 mihi
480 448 513 486 ex
529 430 629 487 multis.
897 455 934 494 10

31 492 119 582 Quod
141 514 236 585 precor
248 501 333 579 liquet
354 501 416 563 elle:
443 507 514 584 prius
526 502 633 565 credam
650 526 699 567 ora
720 509 840 572 Medusa:

31 571 123 628 entra
137 572 209 656 fuisse
224 580 356 657 anguineis
368 586 449 642 comis
460 586 614 663 Gorgonis:

31 651 118 705 Canes
131 646 180 727 esse
190 654 236 713 sub
245 674 327 717 utero
342 660 463 739 virginis:
491 664 645 722 Chimaeram
655 660 715 735 effe,

30 729 102 806 Quae
110 732 212 808 separat
225 736 292 793 leam
305 736 321 796 d
333 754 408 800 truce
418 760 508 821 ungue
519 739 628 800 flammis
640 761 648 810 ;

29 808 100 892 Que
114 811 296 891 quadrupedes
310 816 431 877 homines
442 818 546 898 junstos
558 819 661 898 pedore
672 839 729 876 cum
742 820 859 898 pedore,
881 834 885 839 “
899 837 933 894 15

34 883 97 956 Que
108 894 284 965 tergeminum
297 898 395 965 virum,
412 915 463 973 que
475 899 651 975 tergeminum
665 916 767 968 cenem,
795 961 797 964 .
911 955 914 962 ,

34 964 97 1040 Que
112 964 237 1047 Sphinga,
257 973 285 1027 &
305 973 433 1051 Harpyas,
453 993 504 1051 que
514 975 630 1052 'serpenti
639 976 718 1053 pedes
732 975 875 1055 Gigantes.

34 1042 104 1122 Que
116 1045 294 1104 centimanum
320 1051 429 1129 Gygen,
448 1070 500 1130 que
511 1050 678 1110 semibovem
689 1052 788 1126 virum,

8 1157 11 1158 ν
34 1123 97 1196 Ego
109 1120 213 1179 credam
231 1122 293 1196 haen,
311 1128 460 1206 priusquam
478 1146 506 1188 te
517 1125 646 1189 carissrme

33 1197 168 1254 Mutatum
187 1199 331 1279 deposuisse
346 1224 438 1264 ¹curem
450 1209 512 1268 mei.
893 1222 935 1266 ²0

31 1272 170 1333 Innumeri
181 1296 300 1354 montes,
319 1302 370 1363 que
384 1286 443 1357 viae,
455 1306 506 1366 que
517 1284 663 1345 flumine&
677 1284 770 1366 campi,
853 1353 856 1358 ἕ

35 1350 182 1438 Necpauce
191 1355 257 1416 freta
271 1359 357 1420 'ncent
369 1361 492 1436 interme
514 1382 568 1443 que
582 1380 618 1424 te·

35 1430 127 1488 Lucra
148 1381 284 1512 quaemisld
297 1439 429 1520 [itsaeped
445 1459 473 1502 te
485 1439 571 1524 potest
590 1442 664 1505 mille
675 1438 756 1501 cause
772 1491 774 1494 ,

38 1510 106 1564 Rara
121 1514 211 1571 venire
222 1515 251 1573 in
262 1516 358 1578 nostras
371 1538 476 1580 manus.
645 1547 647 1552 ’

37 1586 139 1647 Tamen
162 1593 244 1653 amice
256 1595 335 1656 vince
354 1597 427 1657 mille
442 1598 527 1659 causer
536 1597 678 1660 scribendo
740 1617 744 1621 ·
904 1608 952 1669 25³

17 1687 19 1692 ·
38 1667 217 1749 Frequenter,
236 1693 271 1734 ne
293 1674 393 1757 semper
410 1677 530 1740 excusem
544 1693 574 1756 te
586 1676 658 1738 mihi.

38 1827 77 1846 .„
792 1832 794 1835 ,
982 1828 986 1834 .

211 2036 229 2071 ο
277 1940 309 2005 Ε
330 1948 355 2005 L
376 1943 408 2008 E
429 1944 456 2010 G
478 1944 550 2009 [A
583 1944 698 2012 Vllla.v

82 2081 144 2138 AM
166 2101 223 2141 mea
245 2100 366 2169 tempera=
381 2088 519 2149 imitantur
532 2109 647 2171 cygneas
659 2092 769 2173 plumep,

107 2164 143 2218 Et
161 2162 221 2220 alba
235 2165 335 2227 senede
350 2168 434 2228 inlicit
448 2170 532 2245 nigras
545 2187 657 2227 comas:
709 2190 711 2192 ·

38 2250 98 2323 jam
111 2238 218 2317 fragiles
241 2247 304 2302 anni
327 2245 451 2317 subeunt,
484 2248 512 2302 8<
526 2247 642 2305 inertior
655 2261 753 2314 aetas,=
821 2281 824 2285 -

37 2330 103 2405 Qre
116 2318 168 2399 jan
180 2339 260 2399 grave
273 2322 309 2381 est
321 2323 383 2381 mihi
395 2344 484 2404 parurn
498 2318 577 2382 firmo
596 2342 638 2382 me
649 2321 742 2386 ferre..

36 2404 117 2459 Nunc
130 2416 187 2458 erat
199 2418 228 2458 ur
239 2400 368 2460 deberem
381 2400 570 2480 viverepnsno
585 2400 640 2461 fine

38 2479 182 2548 Laborum,
202 2481 277 2536 nullo
290 2497 362 2538 metu
375 2482 533 2540 sollicitante
555 2502 618 2540 me:

38 2559 103 2633 Que
116 2573 222 2636 carpere
232 2558 287 2623 orie
299 2578 356 2637 quae
372 2555 472 2638 semper
485 2559 641 2636 placuerunt
654 2574 718 2615 meae
727 2577 736 2593 ··
808 2606 810 2609 ,

40 2638 143 2704 Menti,
157 2637 185 2691 &
196 2632 245 2692 effe
256 2636 376 2694 molliter
388 2636 415 2694 in
424 2637 492 2697 'meis
503 2634 600 2694 studiis,

37 2712 332 2791 Etcelebrareparvem
353 2714 473 2784 domum,
495 2732 567 2792 ‚que
581 2709 826 2780 veterem-Penates,

41 2797 516 2872 Etpaternaruraquaenunccarent
530 2792 661 2849 domino:
746 2830 761 2870 ¹.
818 2812 822 2825 ¹
908 2803 944 2842 10

40 2869 102 2939 Que
116 2865 271 2930 consenuisse
283 2871 388 2926 securus
399 2871 427 2927 in
440 2868 497 2926 sinu
507 2868 635 2940 dominer,
646 2883 698 2946 que
710 2881 774 2923 earu

42 2946 206 3024 Nepotibus,
227 2949 317 3023 quein
329 2944 387 3007 med
398 2946 502 3026 patrium

42 3025 106 3080 Haec
116 3041 173 3080 mea
185 3040 247 3080 uetes
253 3023 392 3157 juffldlm
413 3023 565 3103 speraverat
586 3018 618 3079 fic
631 3019 739 3100 peregi:

39 3104 104 3178 ‚Ege
123 3097 157 3158 sic
170 3118 249 3168 eram,
274 3104 350 3180 ignus
368 3118 469 3182 ponere
482 3100 532 3161 hes
548 3116 642 3161 annos.
815 3177 817 3181 ι
879 3165 950 3225 Non
