2150 3425
104 36 172 96 Non
184 36 222 98 iti
232 41 315 98 visum
326 41 396 110 Diis,
416 43 463 120 qni
479 36 621 119 exposuere
634 60 676 99 me
687 44 770 102 anum

104 115 247 196 ‘ferrique
260 120 378 195 marique
391 122 536 178 Sarmaticis
550 122 626 178 locis.
648 133 650 138 ’
803 121 805 127 “

103 193 321 276 (ᾈιαίῖκριιρρεε
335 196 465 254 ducuntur
477 199 505 255 in
519 217 582 255 cava
593 197 705 268 navalia,

102 274 150 330 Ne
164 275 265 336 temere
276 271 450 352 dillolvantur
468 275 495 332 in
511 275 604 333 mediis
616 277 694 354 aquis.

104 351 258 432 Languidus
271 372 356 431 equus
366 354 449 432 carpit
462 354 581 433 gramina
595 354 728 433 inpiatis,

106 429 152 488 Ne
171 431 248 489 cadet
263 430 455 490 &inhonestat
475 432 572 502 multas
593 433 690 510 pelmas
703 432 817 511 adeptas.

108 508 166 566 Ubi
179 509 253 566 miles
264 529 321 566 non
333 509 368 567 est
380 508 441 567 satis
454 510 524 568 utilis
544 510 653 568 emeritis
665 511 758 580 armis,

108 589 188 646 Ponit
201 606 274 644 arma
283 607 340 664 quae
354 588 415 644 tulit
436 588 469 645 ad
481 588 604 665 antiquos
617 590 692 647 lares.

105 661 204 743 Igitur,
223 663 257 720 sic
271 682 329 723 erat
350 683 452 743 tempus
467 685 511 722 me
523 684 629 743 quoque
643 664 694 742 jam

109 744 216 801 Donati
227 742 304 814 rude,
323 741 400 803 tardi
411 742 546 802 fenenne
564 744 700 802 minuente
718 742 797 801 vires.

109 819 226 898 Tempus
239 823 303 892 erit,
312 841 353 879 me
366 840 416 886 nec
427 821 522 880 ducere
536 822 705 904 peregrinum
717 822 825 895 (telum,

115 899 174 957 Nec
187 901 280 956 levate
292 898 377 959 fictam
392 898 459 957 fitim
468 901 564 959 Getico
574 898 658 958 fonte¹
688 909 690 912 ’

108 977 163 1037 Sed
175 977 259 1034 modo
270 977 389 1034 secedere
402 977 428 1034 in
443 997 539 1036 vacuos
560 979 663 1049 hortos,
683 997 751 1055 quos
764 979 859 1041 habui:

112 1055 194 1113 Nunc
210 1058 292 1113 rursus
311 1054 365 1112 frui
379 1054 436 1114 visu
449 1057 587 1113 hominum
610 1059 637 1112 &
648 1056 726 1117 urbe.

109 1136 151 1194 Sic
160 1133 284 1211 optabam
295 1133 429 1211 quondam
442 1133 512 1212 polle
526 1134 603 1192 senex
622 1135 714 1196 vivere

112 1208 230 1281 Placide,
245 1210 335 1284 animo
348 1233 406 1269 non
418 1212 558 1269 divinante
581 1215 681 1270 littura.

111 1298 176 1349 Fata
185 1292 364 1368 repugnarunt
380 1309 387 1344 τ
405 1309 462 1367 quae
473 1311 531 1354 cunt
544 1290 707 1368 praebuerint
720 1293 783 1352 mihi

113 1370 201 1427 Prima
212 1386 265 1425 tem
284 1387 331 1425 ora
345 1368 446 1436 mollia,
467 1386 580 1445 gravant
600 1366 748 1444 polleriorn.

114 1448 183 1531 Qe
199 1445 249 1522 jam
262 1388 351 1503 decem
363 1444 446 1502 lustris
458 1448 567 1524 peraelis
581 1444 634 1503 fine
646 1448 717 1505 omni
730 1448 799 1522 labe,

114 1529 225 1587 Premor
236 1524 374 1581 deteriore
387 1541 463 1603 palte
478 1541 542 1580 mee
554 1524 624 1582 vitre.

117 1612 153 1679 Et
166 1604 253 1683 gravis
269 1602 343 1660 ruina
354 1598 390 1658 est
401 1600 466 1659 ledia
478 1620 538 1658 meo
549 1602 689 1671 curriculo,
845 1661 847 1665 ,

117 1684 177 1742 Nec
187 1682 279 1762 procul
292 1679 306 1739 d
317 1680 391 1739 metis
403 1699 464 1760 quas
474 1680 545 1759 pene
559 1681 669 1741 videbar
680 1697 782 1742 tenere.

118 1769 192 1841 Ergo
202 1761 309 1819 demens
324 1760 403 1840 coegi
419 1761 495 1819 illum
506 1759 597 1817 saevire
610 1761 640 1818 in
655 1778 709 1829 me,

119 1839 185 1913 Quo
195 1839 333 1898 immensus
347 1842 422 1899 orbis
436 1839 516 1898 habet
527 1838 594 1896 nihil
605 1839 692 1896 mitius
707 1857 714 1892 τ
778 1892 779 1897 ,

107 1923 185 2000 Qne
199 1917 340 1975 clementia
362 1918 414 1995 ipsa
428 1917 466 1976 ell
478 1919 548 1975 vitia
561 1917 651 1976 nollris
671 1917 784 1989 delictis,

41 2014 44 2021 ⁴
120 1997 181 2055 Nec
192 2011 278 2054 tamen
293 1995 349 2051 vita
362 1994 399 2053 est
417 2013 514 2078 negata
537 2017 598 2054 meo
611 1996 704 2054 errori.

120 2077 182 2135 Vita
191 2073 341 2154 peragenda
359 2076 452 2152 procul
464 2073 562 2155 patrii,
590 2075 638 2132 sub
654 2076 748 2134 Boreo
761 2095 819 2150 ane,

120 2156 191 2236 Qtl
205 2152 297 2209 finillra
308 2168 381 2209 terra
391 2154 489 2213 Euxini
500 2154 576 2211 maris
592 2152 668 2234 jacet.

122 2237 151 2294 Si
173 2230 299 2308 Delphos·
314 2236 367 2310 que
385 2232 509 2293 Dodona.
521 2233 571 2311 ipsa
593 2234 694 2292 diceret
706 2226 856 2307 haeemihi,

103 2332 105 2337 ’
123 2311 246 2386 U'terqne
258 2311 330 2368 locus
340 2309 477 2370 videretur
490 2308 538 2368 elle
556 2328 661 2369 vanus:
849 2371 852 2374 ,

124 2390 176 2448 Nil
188 2386 224 2445 ell
234 2387 303 2446 adeo
316 2387 446 2457 validum,
467 2389 530 2445 licet
544 2390 647 2445 adamas
660 2388 752 2466 alliget
763 2389 844 2461 illud,
891 2432 894 2437 -

123 2472 169 2526 Ut
182 2481 284 2525 maneat
297 2462 398 2521 firmius
411 2464 501 2543 mp‘do
514 2466 578 2542 igne
599 2464 684 2541 Joeis.

127 2547 178 2607 Nil
192 2544 228 2604 est
240 2545 276 2602 ita
290 2542 409 2610 sublime,
428 2562 479 2620 que
493 2542 581 2620 tendit
593 2547 666 2612 snpra
678 2542 803 2622 pericula,
824 2589 826 2592 .

133 2627 178 2683 Ut
201 2644 258 2681 non
282 2620 313 2679 fit
337 2620 444 2679 inlerius
463 2641 514 2699 qne
535 2619 692 2701 l'nppofitnm
714 2622 784 2682 Deo.

127 2705 200 2762 Nam
214 2719 371 2781 quamquain
384 2717 440 2779 pars
454 2701 585 2757 malornm
606 2698 641 2756 est
651 2701 784 2763 contrade
807 2699 890 2770 vities
952 2703 955 2708 ’

128 2782 236 2839 Tamen
249 2781 287 2837 ira
299 2776 410 2839 numinis
430 2778 506 2835 dedit
518 2779 574 2857 plus
588 2778 671 2836 exitii.

128 2865 168 2916 At
183 2874 290 2935 quoque
302 2874 353 2914 vos
366 2857 421 2916 estin
431 2857 561 2916 admoniti
569 2854 664 2913 nostris
684 2854 793 2927 cefilnn,

130 2932 293 3000 Demeruiffe
304 2935 394 2994 virum
402 2950 547 3013 aequantem
561 2936 674 3017 superos.
